{
  "leader": "03817cam a2200601Ii 4500",
  "fields": [
    {
      "001": "ocm00390995\\"
    },
    {
      "003": "OCoLC"
    },
    {
      "005": "20220104091907.0"
    },
    {
      "008": "720824s1966\\\\\\\\caua\\\\\\\\\\b\\\\\\\\001\\0\\eng\\\\"
    },
    {
      "010": {
        "ind1": "\\",
        "ind2": "\\",
        "subfields": [
          {
            "a": "   66016286 "
          }
        ]
      }
    },
    {
      "040": {
        "ind1": "\\",
        "ind2": "\\",
        "subfields": [
          {
            "a": "DLC"
          },
          {
            "b": "eng"
          },
          {
            "c": "WSU"
          },
          {
            "d": "SER"
          },
          {
            "d": "OCL"
          },
          {
            "d": "UKM"
          },
          {
            "d": "OCL"
          },
          {
            "d": "EL{dollar}"
          },
          {
            "d": "OCL"
          },
          {
            "d": "NLGGC"
          },
          {
            "d": "WY@"
          },
          {
            "d": "NIALS"
          },
          {
            "d": "CS1"
          },
          {
            "d": "AU@"
          },
          {
            "d": "OCLCQ"
          },
          {
            "d": "EZN"
          },
          {
            "d": "DEBBG"
          },
          {
            "d": "EDX"
          },
          {
            "d": "CHRRO"
          },
          {
            "d": "OCLCQ"
          },
          {
            "d": "OCLCF"
          },
          {
            "d": "OCLCQ"
          },
          {
            "d": "TAMSA"
          },
          {
            "d": "OCLCQ"
          },
          {
            "d": "MLN"
          },
          {
            "d": "OCL"
          },
          {
            "d": "OCLCA"
          },
          {
            "d": "PHUST"
          },
          {
            "d": "OCLCO"
          },
          {
            "d": "OCLCQ"
          },
          {
            "d": "CSJ"
          },
          {
            "d": "OCLCO"
          },
          {
            "d": "OCLCA"
          },
          {
            "d": "OCLCQ"
          },
          {
            "d": "OCLCO"
          },
          {
            "d": "GILDS"
          },
          {
            "d": "OCLCO"
          },
          {
            "d": "OCL"
          },
          {
            "d": "QGE"
          },
          {
            "d": "BUB"
          },
          {
            "d": "OCLCA"
          },
          {
            "d": "UKMGB"
          },
          {
            "d": "CBA"
          },
          {
            "d": "OCLCO"
          },
          {
            "d": "TYC"
          },
          {
            "d": "OCLCO"
          },
          {
            "d": "L2U"
          },
          {
            "d": "OCL"
          },
          {
            "d": "XMC"
          },
          {
            "d": "IL4J6"
          },
          {
            "d": "OCLCO"
          }
        ]
      }
    },
    {
      "015": {
        "ind1": "\\",
        "ind2": "\\",
        "subfields": [
          {
            "a": "GB6713717"
          },
          {
            "2": "bnb"
          }
        ]
      }
    },
    {
      "016": {
        "ind1": "7",
        "ind2": "\\",
        "subfields": [
          {
            "a": "009672640"
          },
          {
            "2": "Uk"
          }
        ]
      }
    },
    {
      "019": {
        "ind1": "\\",
        "ind2": "\\",
        "subfields": [
          {
            "a": "223717180"
          },
          {
            "a": "314550855"
          },
          {
            "a": "716449790"
          },
          {
            "a": "1201579505"
          },
          {
            "a": "1201618210"
          },
          {
            "a": "1201626461"
          },
          {
            "a": "1201822944"
          },
          {
            "a": "1201845671"
          },
          {
            "a": "1201887504"
          },
          {
            "a": "1201977368"
          },
          {
            "a": "1201987249"
          },
          {
            "a": "1202007709"
          },
          {
            "a": "1221193173"
          }
        ]
      }
    },
    {
      "035": {
        "ind1": "\\",
        "ind2": "\\",
        "subfields": [
          {
            "a": "(OCoLC)390995"
          },
          {
            "z": "(OCoLC)223717180"
          },
          {
            "z": "(OCoLC)314550855"
          },
          {
            "z": "(OCoLC)716449790"
          },
          {
            "z": "(OCoLC)1201579505"
          },
          {
            "z": "(OCoLC)1201618210"
          },
          {
            "z": "(OCoLC)1201626461"
          },
          {
            "z": "(OCoLC)1201822944"
          },
          {
            "z": "(OCoLC)1201845671"
          },
          {
            "z": "(OCoLC)1201887504"
          },
          {
            "z": "(OCoLC)1201977368"
          },
          {
            "z": "(OCoLC)1201987249"
          },
          {
            "z": "(OCoLC)1202007709"
          },
          {
            "z": "(OCoLC)1221193173"
          }
        ]
      }
    },
    {
      "041": {
        "ind1": "1",
        "ind2": "\\",
        "subfields": [
          {
            "a": "eng"
          },
          {
            "h": "und"
          }
        ]
      }
    },
    {
      "043": {
        "ind1": "\\",
        "ind2": "\\",
        "subfields": [
          {
            "a": "n-mx---"
          }
        ]
      }
    },
    {
      "050": {
        "ind1": "0",
        "ind2": "0",
        "subfields": [
          {
            "a": "BX1428"
          },
          {
            "b": ".R53"
          }
        ]
      }
    },
    {
      "072": {
        "ind1": "\\",
        "ind2": "7",
        "subfields": [
          {
            "a": "s1ht"
          },
          {
            "2": "rero"
          }
        ]
      }
    },
    {
      "082": {
        "ind1": "0",
        "ind2": "0",
        "subfields": [
          {
            "a": "282.72"
          },
          {
            "b": "RIC"
          }
        ]
      }
    },
    {
      "100": {
        "ind1": "1",
        "ind2": "\\",
        "subfields": [
          {
            "a": "Ricard, Robert."
          }
        ]
      }
    },
    {
      "240": {
        "ind1": "1",
        "ind2": "0",
        "subfields": [
          {
            "a": "Conque\u0300te spirituelle du Mexique."
          },
          {
            "l": "English"
          }
        ]
      }
    },
    {
      "245": {
        "ind1": "1",
        "ind2": "4",
        "subfields": [
          {
            "a": "The spiritual conquest of Mexico :"
          },
          {
            "b": "an essay on the apostolate and the evangelizing methods of the mendicant orders in New Spain, 1523-1572 /"
          },
          {
            "c": "by Robert Ricard ; translated by Lesley Byrd Simpson."
          }
        ]
      }
    },
    {
      "260": {
        "ind1": "\\",
        "ind2": "\\",
        "subfields": [
          {
            "a": "Berkeley :"
          },
          {
            "b": "University of California Press,"
          },
          {
            "c": "1966."
          }
        ]
      }
    },
    {
      "300": {
        "ind1": "\\",
        "ind2": "\\",
        "subfields": [
          {
            "a": "xii, 423 pages :"
          },
          {
            "b": "illustrations ;"
          },
          {
            "c": "24 cm"
          }
        ]
      }
    },
    {
      "336": {
        "ind1": "\\",
        "ind2": "\\",
        "subfields": [
          {
            "a": "text"
          },
          {
            "b": "txt"
          },
          {
            "2": "rdacontent"
          }
        ]
      }
    },
    {
      "337": {
        "ind1": "\\",
        "ind2": "\\",
        "subfields": [
          {
            "a": "unmediated"
          },
          {
            "b": "n"
          },
          {
            "2": "rdamedia"
          }
        ]
      }
    },
    {
      "338": {
        "ind1": "\\",
        "ind2": "\\",
        "subfields": [
          {
            "a": "volume"
          },
          {
            "b": "nc"
          },
          {
            "2": "rdacarrier"
          }
        ]
      }
    },
    {
      "504": {
        "ind1": "\\",
        "ind2": "\\",
        "subfields": [
          {
            "a": "Includes bibliographical references (pages 381-414) and index."
          }
        ]
      }
    },
    {
      "546": {
        "ind1": "\\",
        "ind2": "\\",
        "subfields": [
          {
            "a": "Translation of the French work: Conquete spirituelle du Mexique."
          }
        ]
      }
    },
    {
      "505": {
        "ind1": "0",
        "ind2": "\\",
        "subfields": [
          {
            "a": "pt. I: Founding of the church -- First contacts between paganism and Christianity -- Ethnographic and linguistic training of the missionaries -- Geographic distribution of the missions and monasteries -- Prebaptismal instruction and administration of baptism -- Catechism -- Administration of the sacraments -- Virtues of the founders -- pt. 2: Stabilization of the Church -- Social organizations and public works -- Hospitals -- Missionary conditions and church architecture -- Pomp and Magnificence -- Edifying play -- Primary and technical schools -- pt. 3: Conclusions -- Internal dissentions -- Native Resistance -- Early Evangelization and the religious evolution of Mexico."
          }
        ]
      }
    },
    {
      "610": {
        "ind1": "2",
        "ind2": "0",
        "subfields": [
          {
            "a": "Catholic Church."
          }
        ]
      }
    },
    {
      "651": {
        "ind1": "\\",
        "ind2": "0",
        "subfields": [
          {
            "a": "Mexico"
          },
          {
            "x": "Church history."
          }
        ]
      }
    },
    {
      "650": {
        "ind1": "\\",
        "ind2": "0",
        "subfields": [
          {
            "a": "Indians of Mexico"
          },
          {
            "x": "Missions."
          }
        ]
      }
    },
    {
      "651": {
        "ind1": "\\",
        "ind2": "0",
        "subfields": [
          {
            "a": "Mexico"
          },
          {
            "x": "History"
          },
          {
            "y": "Conquest, 1519-1540."
          }
        ]
      }
    },
    {
      "650": {
        "ind1": "\\",
        "ind2": "0",
        "subfields": [
          {
            "a": "Indians of Mexico"
          },
          {
            "x": "Languages"
          },
          {
            "v": "Bibliography."
          }
        ]
      }
    },
    {
      "610": {
        "ind1": "2",
        "ind2": "7",
        "subfields": [
          {
            "a": "Catholic Church."
          },
          {
            "2": "fast"
          },
          {
            "0": "(OCoLC)fst00531720"
          }
        ]
      }
    },
    {
      "650": {
        "ind1": "\\",
        "ind2": "7",
        "subfields": [
          {
            "a": "Indians of Mexico"
          },
          {
            "x": "Languages."
          },
          {
            "2": "fast"
          },
          {
            "0": "(OCoLC)fst00969574"
          }
        ]
      }
    },
    {
      "650": {
        "ind1": "\\",
        "ind2": "7",
        "subfields": [
          {
            "a": "Indians of Mexico"
          },
          {
            "x": "Missions."
          },
          {
            "2": "fast"
          },
          {
            "0": "(OCoLC)fst00969594"
          }
        ]
      }
    },
    {
      "651": {
        "ind1": "\\",
        "ind2": "7",
        "subfields": [
          {
            "a": "Mexico."
          },
          {
            "2": "fast"
          },
          {
            "0": "(OCoLC)fst01211700"
          }
        ]
      }
    },
    {
      "647": {
        "ind1": "\\",
        "ind2": "7",
        "subfields": [
          {
            "a": "Conquest of Mexico"
          },
          {
            "c": "(Mexico :"
          },
          {
            "d": "1519-1540)"
          },
          {
            "2": "fast"
          },
          {
            "0": "(OCoLC)fst01352532"
          }
        ]
      }
    },
    {
      "648": {
        "ind1": "\\",
        "ind2": "7",
        "subfields": [
          {
            "a": "1519-1540"
          },
          {
            "2": "fast"
          }
        ]
      }
    },
    {
      "655": {
        "ind1": "\\",
        "ind2": "7",
        "subfields": [
          {
            "a": "Bibliographies."
          },
          {
            "2": "fast"
          },
          {
            "0": "(OCoLC)fst01919895"
          }
        ]
      }
    },
    {
      "655": {
        "ind1": "\\",
        "ind2": "7",
        "subfields": [
          {
            "a": "Church history."
          },
          {
            "2": "fast"
          },
          {
            "0": "(OCoLC)fst01411629"
          }
        ]
      }
    },
    {
      "655": {
        "ind1": "\\",
        "ind2": "7",
        "subfields": [
          {
            "a": "History."
          },
          {
            "2": "fast"
          },
          {
            "0": "(OCoLC)fst01411628"
          }
        ]
      }
    },
    {
      "655": {
        "ind1": "\\",
        "ind2": "7",
        "subfields": [
          {
            "a": "Bibliographies."
          },
          {
            "2": "lcgft"
          }
        ]
      }
    },
    {
      "700": {
        "ind1": "1",
        "ind2": "\\",
        "subfields": [
          {
            "a": "Simpson, Lesley Byrd,"
          },
          {
            "d": "1891-1984."
          }
        ]
      }
    },
    {
      "710": {
        "ind1": "2",
        "ind2": "\\",
        "subfields": [
          {
            "a": "James H. Sutton Jr. and Sylvia Leal Carvajal Collection."
          },
          {
            "5": "TxSaTAM"
          }
        ]
      }
    },
    {
      "776": {
        "ind1": "0",
        "ind2": "8",
        "subfields": [
          {
            "i": "Online version:"
          },
          {
            "a": "Ricard, Robert."
          },
          {
            "t": "Spiritual conquest of Mexico."
          },
          {
            "d": "Berkeley, University of California Press, 1966"
          },
          {
            "w": "(OCoLC)656794432"
          }
        ]
      }
    },
    {
      "856": {
        "ind1": "4",
        "ind2": "1",
        "subfields": [
          {
            "3": "ACLS Humanities E-Book"
          },
          {
            "u": "http://hdl.handle.net/2027/heb.02786"
          }
        ]
      }
    },
    {
      "994": {
        "ind1": "\\",
        "ind2": "\\",
        "subfields": [
          {
            "a": "Z0"
          },
          {
            "b": "NYRVC"
          }
        ]
      }
    },
    {
      "948": {
        "ind1": "\\",
        "ind2": "\\",
        "subfields": [
          {
            "h": "NO HOLDINGS IN NYRVC - 867 OTHER HOLDINGS"
          }
        ]
      }
    },
    {
      "999": {
        "ind1": "\\",
        "ind2": "\\",
        "subfields": [
          {
            "a": "00000000020008"
          }
        ]
      }
    }
  ]
}